


@ARTICLE{lu2021jnd,
author = {M. Lu and J. Lanir and C. Wang and Y. Yao and W. Zhang and O. Deussen and H. Huang},
journal = {IEEE Transactions on Visualization \& Computer Graphics},
title = {Modeling Just Noticeable Differences in Charts},
year = {2022},
volume = {28},
number = {01},
issn = {1941-0506},
pages = {718-726},
doi = {10.1109/TVCG.2021.3114874},
publisher = {IEEE Computer Society},
address = {Los Alamitos, CA, USA},
month = {jan}
}

@article{cleveland,
  title={Graphical Perception: Theory, Experimentation, and Application to the Development of Graphical Methods.},
  author={Cleveland, W.S. and McGill, R.},
  journal={Journal of the American Statistical Assocation},
  year={1984}
}

@article{heer,
  title={Crowdsourcing Graphical Perception: Using Mechanical Turk to Assess Visualization Design},
  author={Heer, Jeffrey and Bostock, Michael},
  journal={CHI '10: Proceedings of the SIGCHI Conference on Human Factors in Computing Systems},
  year={2010}
}

@article{skau,
  title={Arcs, Angles, or Areas: Individual Data Encodings in Pie and Donut Charts},
  author={Skau, Drew and Kosara, Robert},
  journal={Computer Graphics Forum},
  year={2016}
}

@article{eells,
  title={The relative merits of circles and bars for representing component parts},
  author={Eells, Walter Crosby},
  journal={Journal of the American Statistical Association},
  year={1926}
}

@article{vonHuhn,
  title={Further studies in the graphic use of circles and bars: A discussion of the Eell's experiment},
  author={von Huhn, R.},
  journal={Journal of the American Statistical Association},
  year={1927}
}


@article{spence,
  title={Displaying proportions and percentages},
  author={Spence, Ian and Lewandowsky, Stephan},
  journal={Applied Cognitive Psychology},
  year={1991}
}
