@article{clevelandGraphicalPerceptionTheory1984,
  ids = {cleveland1984a},
  title = {Graphical Perception: {{Theory}}, Experimentation, and Application to the Development of Graphical Methods},
  author = {Cleveland, William S. and McGill, Robert},
  date = {1984-09},
  journaltitle = {Journal of the American Statistical Association},
  volume = {79},
  number = {387},
  pages = {531--554},
  doi = {10.1080/01621459.1984.10478080},
  url = {http://dx.doi.org/10.1080/01621459.1984.10478080},
  langid = {english},
  keywords = {perception},
  file = {/Users/hofmann/Zotero/storage/H3YI936V/Cleveland and McGill - 1984 - Graphical Perception Theory, Experimentation, and.pdf}
}
